@book{philippe,
	title={MIT 18.657: Mathematics of Machine Learning},
	year={2015},
	author={Philippe Rigollet},
	url={https://ocw.mit.edu/courses/18-657-mathematics-of-machine-learning-fall-2015/18.657-fall-2015.zip}
}

@book{shalev,
  title={Understanding machine learning: From theory to algorithms},
  author={Shalev-Shwartz, Shai and Ben-David, Shai},
  year={2014},
  publisher={Cambridge university press}
}
@book{murphy1,
  title={Probabilistic machine learning: an introduction},
  author={Murphy, Kevin P},
  year={2022},
  publisher={MIT press}
}
@book{murphy2,
  title={Probabilistic machine learning: Advanced topics},
  author={Murphy, Kevin P},
  year={2022},
  publisher={MIT press}
}
@book{mohri,
  title={Foundations of machine learning},
  author={Mohri, Mehryar and Rostamizadeh, Afshin and Talwalkar, Ameet},
  year={2018},
  publisher={MIT press}
}




